@article{Wolfrum2011,
  doi = {10.1103/physreve.84.015201},
  url = {https://doi.org/10.1103/physreve.84.015201},
  year  = {2011},
  month = {7},
  publisher = {American Physical Society ({APS})},
  volume = {84},
  number = {1},
  author = {Matthias Wolfrum and Oleh E. Omel'chenko},
  title = {Chimera states are chaotic transients},
  journal = {Physical Review E}
}

@article{Taylor2014,
  doi =		 {10.1371/journal.pone.0114316},
  url =		 {https://doi.org/10.1371/journal.pone.0114316},
  year =	 2014,
  month =	 12,
  publisher =	 {Public Library of Science ({PLoS})},
  volume =	 9,
  number =	 12,
  pages =	 {e114316},
  author =	 {Peter Neal Taylor and Yujiang Wang and Marc
                  Goodfellow and Justin Dauwels and Friederike Moeller
                  and Ulrich Stephani and Gerold Baier},
  editor =	 {Maxim Bazhenov},
  title =	 {A Computational Study of Stimulus Driven Epileptic
                  Seizure Abatement},
  journal =	 {{PLoS} {ONE}},
  addendum =	 { I have not gotten the chance to read this yet, but
                  it seems like it could be very useful.  Prevention
                  and treatment are obviously very important aspects
                  of epilepsy research, so I will be reading this at
                  some point }
}

@article{Wang2012,
  doi =		 {10.1103/physreve.85.061918},
  url =		 {https://doi.org/10.1103/physreve.85.061918},
  year =	 2012,
  month =	 6,
  publisher =	 {American Physical Society ({APS})},
  volume =	 85,
  number =	 6,
  author =	 {Yujiang Wang and Marc Goodfellow and Peter Neal
                  Taylor and Gerold Baier},
  title =	 {Phase space approach for modeling of epileptic
                  dynamics},
  journal =	 {Physical Review E},
  addendum =	 { This paper provides an excellent bridge between the
                  worlds of nonlinear dynamics and neuroscience.  Its
                  techniques for analyzing the relatively simple model
                  for epileptic seizures provides a good example for
                  future investigations of more complicated models.  I
                  still need to look at the 3D versions of their
                  plots, included in the SI for the work.  }
}

@article{Andrzejak2016,
  doi =		 {10.1038/srep23000},
  url =		 {https://doi.org/10.1038/srep23000},
  year =	 2016,
  month =	 3,
  publisher =	 {Springer Nature},
  volume =	 6,
  number =	 1,
  author =	 {Ralph G. Andrzejak and Christian Rummel and Florian
                  Mormann and Kaspar Schindler},
  title =	 {All together now: Analogies between chimera state
                  collapses and epileptic seizures},
  journal =	 {Scientific Reports},
  addendum =	 { The title of this paper is fairly misleading, as
                  they did not actually draw very many analogies
                  between chimera state collapses and epileptic
                  seizures.  However, it got me a-thinking, which is
                  rarely a bad thing.  It seems like it could have
                  some merit to it, based on others' work.  }
}

@article{Scheffer2009,
  doi =		 {10.1038/nature08227},
  url =		 {https://doi.org/10.1038/nature08227},
  year =	 2009,
  month =	 9,
  publisher =	 {Springer Nature},
  volume =	 461,
  number =	 7260,
  pages =	 {53--59},
  author =	 {Marten Scheffer and Jordi Bascompte and William
                  A. Brock and Victor Brovkin and Stephen R. Carpenter
                  and Vasilis Dakos and Hermann Held and Egbert H. van
                  Nes and Max Rietkerk and George Sugihara},
  title =	 {Early-warning signals for critical transitions},
  journal =	 {Nature},
  addendum =	 { The concept of critical slowing-down seems like it
                  could be very useful in the area of predicting
                  epileptic seizures.  However, I do not really plan
                  to be doing all that much prediction through these
                  methods.  They could still be useful, though, as a
                  verification measure.  }
}

@article{Martens2013,
  doi =		 {10.1073/pnas.1302880110},
  url =		 {https://doi.org/10.1073/pnas.1302880110},
  year =	 2013,
  month =	 6,
  publisher =	 {Proceedings of the National Academy of Sciences},
  volume =	 110,
  number =	 26,
  pages =	 {10563--10567},
  author =	 {E. A. Martens and S. Thutupalli and A. Fourriere and
                  O. Hallatschek},
  title =	 {Chimera states in mechanical oscillator networks},
  journal =	 {Proceedings of the National Academy of Sciences},
  addendum =	 { This paper was super cool.  Developing a mechanical
                  system that exhibits chimeric behavior is a very
                  impressive feat, and the explanations are very
                  clear.  However, its applicability to epilepsy seems
                  fairly limited, except as an analogue to understand
                  chimera states.  }
}

@article{Oh2014,
  doi = {10.1038/nature13186},
  url = {https://doi.org/10.1038/nature13186},
  year  = {2014},
  month = {apr},
  publisher = {Springer Nature},
  volume = {508},
  number = {7495},
  pages = {207--214},
  author = {Seung Wook Oh and Julie A. Harris and Lydia Ng and Brent Winslow and Nicholas Cain and Stefan Mihalas and Quanxin Wang and Chris Lau and Leonard Kuan and Alex M. Henry and Marty T. Mortrud and Benjamin Ouellette and Thuc Nghi Nguyen and Staci A. Sorensen and Clifford R. Slaughterbeck and Wayne Wakeman and Yang Li and David Feng and Anh Ho and Eric Nicholas and Karla E. Hirokawa and Phillip Bohn and Kevin M. Joines and Hanchuan Peng and Michael J. Hawrylycz and John W. Phillips and John G. Hohmann and Paul Wohnoutka and Charles R. Gerfen and Christof Koch and Amy Bernard and Chinh Dang and Allan R. Jones and Hongkui Zeng},
  title = {A mesoscale connectome of the mouse brain},
  journal = {Nature}
}

@article{Lytton2008,
  doi =		 {10.1038/nrn2416},
  url =		 {https://doi.org/10.1038/nrn2416},
  year =	 2008,
  month =	 7,
  publisher =	 {Springer Nature},
  volume =	 9,
  number =	 8,
  pages =	 {626--637},
  author =	 {William W. Lytton},
  title =	 {Computer modelling of epilepsy},
  journal =	 {Nature Reviews Neuroscience},
  addendum =	 { I am unsure as to how out-of-date this paper is.
                  My guess is that it's not particularly obsolete,
                  just given that it talks about types of models
                  (stochastic vs deterministic, lumped vs neuronal
                  network, etc) instead of modeling algorithms
                  specifically.  Papers that have cited this one could
                  be good resources.  }
}

@article{Jirsa2014,
  doi =		 {10.1093/brain/awu133},
  url =		 {https://doi.org/10.1093/brain/awu133},
  year =	 2014,
  month =	 6,
  publisher =	 {Oxford University Press ({OUP})},
  volume =	 137,
  number =	 8,
  pages =	 {2210--2230},
  author =	 {Viktor K. Jirsa and William C. Stacey and Pascale
                  P. Quilichini and Anton I. Ivanov and Christophe
                  Bernard},
  title =	 {On the nature of seizure dynamics},
  journal =	 {Brain},
  addednum =	 { Besides sounding like a terrible supervillain's
                  name, Epileptor is a very good model.  It fits with
                  data very well, and takes a bifurcation-focused
                  approach to the problem.  However, how they got the
                  parameters and what the various values actually mean
                  remained a little obscure.  }
}

@article{Taylor2012,
  doi =		 {10.1007/s00422-012-0534-2},
  url =		 {https://doi.org/10.1007/s00422-012-0534-2},
  year =	 2012,
  month =	 11,
  publisher =	 {Springer Nature},
  volume =	 107,
  number =	 1,
  pages =	 {83--94},
  author =	 {Peter Neal Taylor and Marc Goodfellow and Yujiang
                  Wang and Gerold Baier},
  title =	 {Towards a large-scale model of patient-specific
                  epileptic spike-wave discharges},
  journal =	 {Biological Cybernetics},
  addendum =	 { The key feature of this paper is that it's
                  developing patient-specific models.  This means that
                  they do a lot of parameter-fitting, which would fit
                  in well with my likely topic.  }
}

@article{Baier2012,
  doi =		 {10.3389/fphys.2012.00281},
  url =		 {https://doi.org/10.3389/fphys.2012.00281},
  year =	 2012,
  publisher =	 {Frontiers Media {SA}},
  volume =	 3,
  author =	 {Gerold Baier and Marc Goodfellow and Peter N. Taylor
                  and Yujiang Wang and Daniel J. Garry},
  title =	 {The importance of modeling epileptic seizure
                  dynamics as spatio-temporal patterns},
  journal =	 {Frontiers in Physiology},
  addendum =	 { I have read the abstract of this paper, and plan to
                  read more.  A helpful fact about is that thereseems
                  to be a focus on spatial aspects of the brain, as
                  opposed to graph-topological aspects.  This could be
                  helpful when looking for chimera patterns in the
                  brain.  }
}

@article{Schmidt2017,
  doi =		 {10.1103/physreve.95.032224},
  url =		 {https://doi.org/10.1103/physreve.95.032224},
  year =	 2017,
  month =	 3,
  publisher =	 {American Physical Society ({APS})},
  volume =	 95,
  number =	 3,
  author =	 {Alexander Schmidt and Theodoros Kasimatis and
                  Johanne Hizanidis and Astero Provata and Philipp
                  H\"{o}vel},
  title =	 {Chimera patterns in two-dimensional networks of
                  coupled neurons},
  journal =	 {Physical Review E},
  addendum =	 { I have not yet had a chance to read anything beyond
                  the abstract of this paper, but it seems like it
                  will mostly be useful for the model that they
                  implement, and not their implementation of it.  They
                  use two different neural models implemented on a
                  torus, which is completely disconnected from the
                  actual topology of the brain.  }
}

@article{TsigkriDeSmedt2017,
  doi =		 {10.1140/epjb/e2017-80162-0},
  url =		 {https://doi.org/10.1140/epjb/e2017-80162-0},
  year =	 2017,
  month =	 7,
  publisher =	 {Springer Nature},
  volume =	 90,
  number =	 7,
  author =	 {Nefeli Dimitra Tsigkri-DeSmedt and Johanne Hizanidis
                  and Eckehard Sch\"{o}ll and Philipp H\"{o}vel and
                  Astero Provata},
  title =	 {Chimeras in leaky integrate-and-fire neural
                  networks: effects of reflecting connectivities},
  journal =	 {The European Physical Journal B},
  addendum =	 { I have started this paper, but have not yet
                  finished it.  It seems like it will be a useful
                  model to have in mind, but a little too
                  finely-grained to be directly applicable.  However,
                  getting new views of the techniques involved in
                  these kinds of analyses is always helpful.  }
}

@article{Ramsay2007,
  doi = {10.1111/j.1467-9868.2007.00610.x},
  url = {https://doi.org/10.1111/j.1467-9868.2007.00610.x},
  year  = {2007},
  month = {10},
  publisher = {Wiley-Blackwell},
  volume = {69},
  number = {5},
  pages = {741--796},
  author = {J. O. Ramsay and G. Hooker and D. Campbell and J. Cao},
  title = {Parameter estimation for differential equations: a generalized smoothing approach},
  journal = {Journal of the Royal Statistical Society: Series B (Statistical Methodology)}
}

@article{Santos2017,
  doi =		 {10.1016/j.chaos.2017.05.028},
  url =		 {https://doi.org/10.1016/j.chaos.2017.05.028},
  year =	 2017,
  month =	 8,
  publisher =	 {Elsevier {BV}},
  volume =	 101,
  pages =	 {86--91},
  author =	 {M.S. Santos and J.D. Szezech and F.S. Borges and
                  K.C. Iarosz and I.L. Caldas and A.M. Batista and
                  R.L. Viana and J. Kurths},
  title =	 {Chimera-like states in a neuronal network model of
                  the cat brain},
  journal =	 {Chaos, Solitons {\&} Fractals},
  addendum =	 { This paper looks like it will be the basis of my
                  thesis.  It has a good mix of math and neuroscience
                  for my background, provides interesting models and
                  techniques, and has a set of logical next-step
                  research areas.  Its visualizations are also
                  beautiful and very clear.  }
}

@book{Strogatz2015,
  author =	 {Steven H. Strogatz},
  title =	 {Nonlinear Dynamics and Chaos: With Applications to
                  Physics, Biology, Chemistry, and Engineering},
  publisher =	 {Westview Press},
  year =	 2015,
  edition =	 1,
  addendum =	 { This book is essentially the bible of nonlinear
                  dynamics.  While it does not cover epilepsy except
                  to briefly mention it as a topic beyond the frontier
                  of the field, I would not be able to understand
                  anything else I have been reading without this book.
                  }
}

@InBook{Kandel2013,
  author =	 {Gary L. Westbrook},
  editor =	 {Eric R. Kandel and James H. Schwartz and Thomas
                  M. Jessell and Steven A. Siegelbaum and
                  A.J. Hudspeth},
  title =	 {Principles of Neural Science},
  chapter =	 50,
  publisher =	 {McGraw Hill Medical},
  year =	 2013,
  edition =	 {Fifth},
  pages =	 {1116-1139}
}